Date ,Description,Check #,Type,Amount,Balance,,
8/14/2023,Transfer To Credit Card,,Debit,"-$3,300.00",$0.48,,
8/11/2023,ACH Transaction - GEICO PREM COLL,,ACH Debit,-$209.73,"$3,300.48",,
8/10/2023,"ACH Transaction - EVATEC NA, INC. PAYROLL",,ACH Credit,"$3,327.38","$3,510.21",,
8/10/2023,ACH Transaction - HUMAN SERVICES PAYROLL,,ACH Credit,$15.70,$182.83,,
8/9/2023,POS Debit - Visa Check Card 1469 - SPOTIFY USA 877-7781161 NY,,POS,-$10.66,$167.13,,
8/9/2023,POS Debit - Visa Check Card 1469 - APPLE.COM/BILL 866-712-7753 CA,,POS,-$2.99,$177.79,,
8/8/2023,ACH Transaction - JPMorgan Chase Ext Trnsfr,,ACH Debit,-$803.90,$180.78,,
8/1/2023,Transfer To Credit Card,,Debit,"-$6,000.00",$984.68,,
7/31/2023,ACH Transaction - PwP CHATGPT SUB Privacycom,,ACH Debit,-$20.00,"$6,984.68",,
7/31/2023,POS Debit - Visa Check Card 1469 - APPLE.COM/BILL 866-712-7753 CA,,POS,-$17.07,"$7,004.68",,
7/31/2023,ACH Transaction - HUMAN SERVICES PAYROLL,,ACH Credit,"$2,554.98","$7,021.75",,
7/31/2023,ACH Transaction - VAED TREAS 310 XXVA CH33,,ACH Credit,$938.50,"$4,466.77",,
7/27/2023,"ACH Transaction - EVATEC NA, INC. PAYROLL",,ACH Credit,"$3,327.39","$3,528.27",,
7/19/2023,ACH Transaction - AMEX EPAYMENT ACH PMT,,ACH Debit,-$25.99,$200.88,,
7/14/2023,Transfer To Credit Card,,Debit,"-$3,560.22",$226.87,,
7/14/2023,Reward Redemption,,Credit,$226.87,"$3,787.09",,
7/13/2023,"ACH Transaction - EVATEC NA, INC. PAYROLL",,ACH Credit,"$2,821.03","$3,560.22",,
7/11/2023,ACH Transaction - GEICO PREM COLL,,ACH Debit,-$209.73,$739.19,,
7/11/2023,POS Debit - Visa Check Card 1469 - SQ *RAINING BBQ & BEAVERTON OR,,POS,-$19.49,$948.92,,
7/10/2023,ACH Transaction - JPMorgan Chase Ext Trnsfr,,ACH Debit,"-$1,567.80",$968.41,,
7/10/2023,POS Debit - Visa Check Card 1469 - SPOTIFY USA 877-7781161 NY,,POS,-$10.66,"$2,536.21",,
7/10/2023,POS Debit - Visa Check Card 1469 - APPLE.COM/BILL 866-712-7753 CA,,POS,-$2.99,"$2,546.87",,
7/6/2023,ACH Transaction - VAED TREAS 310 XXVA CH33,,ACH Credit,$938.50,"$2,549.86",,
7/6/2023,Credit Card Cash Advance,,Credit,$600.00,"$1,611.36",,
7/3/2023,Transfer To Credit Card,,Debit,"-$5,000.00","$1,011.36",,
7/3/2023,POS Debit - Visa Check Card 1469 - APPLE.COM/BILL 866-712-7753 CA,,POS,-$17.07,"$6,011.36",,
6/30/2023,ACH Transaction - PwP CHATGPT SUB Privacycom,,ACH Debit,-$20.00,"$6,028.43",,
6/29/2023,"ACH Transaction - EVATEC NA, INC. PAYROLL",,ACH Credit,"$3,162.97","$6,048.43",,
6/29/2023,ACH Transaction - HUMAN SERVICES PAYROLL,,ACH Credit,"$2,554.98","$2,885.46",,
6/23/2023,ATM Withdrawal - 7ELEVEN-FC BEAVERTON ORUS,,ATM,-$100.00,$330.48,,
6/21/2023,POS Debit - Visa Check Card 1469 - APPLE.COM/BILL 866-712-7753 CA,,POS,-$42.69,$430.48,,
6/20/2023,ACH Transaction - AMEX EPAYMENT ACH PMT,,ACH Debit,-$25.99,$473.17,,
6/16/2023,Transfer to Loan,,Debit,"-$1,004.27",--,,
6/16/2023,Transfer to Credit Card,,Debit,"-$3,000.00",--,,
6/15/2023,"Deposit - EVATEC NA, INC.",,ACH Credit,"$3,985.22",--,,
6/14/2023,Deposit - VAED TREAS 310,,ACH Credit,$250.00,--,,
6/12/2023,POS Debit - Visa Check Card 1469 - APPLE.COM BILL 866-712-7753 C,,POS 1469,-$2.99,--,,
6/12/2023,POS Debit - Visa Check Card 1469 - SPOTIFY USA 877-7781161 NY,,POS 1469,-$10.66,--,,
6/12/2023,POS Debit - Visa Check Card 0356 - WINCO #014 3025 SW Ced Beaver,,POS 0356,-$17.91,--,,
6/12/2023,ACH Transaction - GEICO PREM COLL 0002100002,,ACH Debit,-$183.63,--,,
6/8/2023,POS Debit - Visa Check Card 1469 - SAFEWAY #1704 VANCOUVER WA,,POS 1469,"-$6,811.06",--,,
6/7/2023,REWARD REDEMPTION,,Credit,$222.36,--,,
6/7/2023,REWARD REDEMPTION,,Credit,"$1,000.00",--,,
6/7/2023,CREDIT CARD CASH ADVANCE,,Credit,"$5,000.00",--,,
6/7/2023,CREDIT CARD CASH ADVANCE,,Deposit,"$1,000.00",--,,
6/5/2023,Transfer to Credit Card,,Debit,"-$6,600.00",--,,
6/1/2023,"Deposit - EVATEC NA, INC.",,ACH Credit,"$3,484.19",--,,
6/1/2023,ACH Transaction - TOYOTA FINANCIAL RETAIL PAY 0002800008,,ACH Debit,-$665.03,--,,
5/31/2023,Deposit - VAED TREAS 310,,ACH Credit,$938.50,--,,
5/31/2023,Deposit - HUMAN SERVICES,,ACH Credit,"$2,554.70",--,,
5/31/2023,POS Debit - Visa Check Card 1469 - APPLE.COM BILL 866-712-7753 C,,POS 1469,-$17.07,--,,
5/30/2023,ACH Transaction - PwP CHATGPT SUB Privacycom 0002111508,,ACH Debit,-$20.00,--,,
5/19/2023,Transfer to Credit Card,,Debit,"-$3,749.16",--,,
5/19/2023,ACH Transaction - AMEX EPAYMENT ACH PMT 0009100001,,ACH Debit,-$328.99,--,,
5/18/2023,"Deposit - EVATEC NA, INC.",,ACH Credit,"$3,406.97",--,,
5/15/2023,CREDIT CARD CASH ADVANCE,,Credit,$700.00,--,,
5/11/2023,Transfer to Credit Card,,Debit,"-$4,382.56",--,,
5/11/2023,ACH Transaction - GEICO PREM COLL 0002100002,,ACH Debit,-$182.54,--,,
5/10/2023,POS Debit - Visa Check Card 1469 - SPOTIFY USA 877-7781161 NY,,POS 1469,-$10.66,--,,
5/9/2023,POS Debit - Visa Check Card 1469 - APPLE.COM BILL 866-712-7753 C,,POS 1469,-$2.99,--,,
5/8/2023,Transfer to Credit Card,,Debit,"-$11,465.99",--,,
5/5/2023,POS Debit - Visa Check Card 1469 - APPLE.COM BILL 866-712-7753 C,,POS 1469,-$17.07,--,,
5/4/2023,"Deposit - EVATEC NA, INC.",,ACH Credit,"$3,247.78",--,,
5/4/2023,"Deposit - EVATEC NA, INC.",,ACH Credit,"$9,695.24",--,,
5/2/2023,Deposit - IRS TREAS 310,,ACH Credit,$33.00,--,,
5/1/2023,ACH Transaction - PwP CHATGPT SUB Privacycom 0002111508,,ACH Debit,-$20.00,--,,
5/1/2023,ACH Transaction - TOYOTA FINANCIAL RETAIL PAY 0002800008,,ACH Debit,-$665.03,--,,
4/28/2023,Deposit - VAED TREAS 310,,ACH Credit,$719.52,--,,
4/28/2023,Deposit - HUMAN SERVICES,,ACH Credit,"$2,554.62",--,,
4/26/2023,Deposit - NCDOR IND INCOME,,ACH Credit,$42.00,--,,
4/24/2023,ACH Transaction - AMEX EPAYMENT ACH PMT 0009100001,,ACH Debit,-$2.36,--,,
4/24/2023,ACH Transaction - AMEX EPAYMENT ACH PMT 0009100001,,ACH Debit,-$5.00,--,,
4/21/2023,Transfer to Credit Card,,Debit,"-$9,000.00",--,,
4/20/2023,"Deposit - EVATEC NA, INC.",,ACH Credit,"$4,213.90",--,,
4/19/2023,Deposit - VAED TREAS 310,,ACH Credit,$250.00,--,,
4/19/2023,ACH Transaction - OR REVENUE DEPT TAXPAYMENT 0004100103,,ACH Debit,-$2.00,--,,
4/11/2023,ACH Transaction - AMEX EPAYMENT ACH PMT 0009100001,,ACH Debit,-$90.58,--,,
4/11/2023,ACH Transaction - GEICO PREM COLL 0002100002,,ACH Debit,-$160.83,--,,
4/10/2023,POS Debit - Visa Check Card 1469 - APPLE.COM BILL 866-712-7753 C,,POS 1469,-$2.99,--,,
4/10/2023,POS Debit - Visa Check Card 1469 - APPLE.COM BILL 866-712-7753 C,,POS 1469,-$8.53,--,,
4/10/2023,POS Debit - Visa Check Card 1469 - SPOTIFY USA 877-7781161 NY,,POS 1469,-$10.66,--,,
4/6/2023,"Deposit - EVATEC NA, INC.",,ACH Credit,"$2,674.88",--,,
4/3/2023,ACH Transaction - TOYOTA FINANCIAL RETAIL PAY 0002800008,,ACH Debit,-$665.03,--,,
3/31/2023,Deposit - VAED TREAS 310,,ACH Credit,$938.50,--,,
3/31/2023,POS Debit - Visa Check Card 1469 - APPLE.COM BILL 866-712-7753 C,,POS 1469,-$17.07,--,,
3/30/2023,Deposit - HUMAN SERVICES,,ACH Credit,"$2,563.38",--,,
3/30/2023,ACH Transaction - PwP CHATGPT SUB Privacycom 0002111508,,ACH Debit,-$20.00,--,,
3/24/2023,Transfer to Credit Card,,Debit,"-$8,000.00",--,,
3/23/2023,"Deposit - EVATEC NA, INC.",,ACH Credit,"$2,674.88",--,,
3/20/2023,ACH Transaction - AMEX EPAYMENT ACH PMT 0009100001,,ACH Debit,-$76.87,--,,
3/13/2023,Deposit - OR REVENUE DEPT,,ACH Credit,$322.00,--,,
3/13/2023,POS Debit - Visa Check Card 0356 - PETCO 251 BEAVERTON OR,,POS 0356,-$143.98,--,,
3/13/2023,POS Debit - Visa Check Card 0356 - FRED-MEYE FRED MEYER 4 BEAVER,,POS 0356,-$314.98,--,,
3/13/2023,ACH Transaction - GEICO PREM COLL 0002100002,,ACH Debit,-$160.81,--,,
3/10/2023,Deposit - IRS TREAS 310,,ACH Credit,$650.00,--,,
3/9/2023,"Deposit - EVATEC NA, INC.",,ACH Credit,"$4,424.10",--,,
3/9/2023,POS Debit - Visa Check Card 1469 - APPLE.COM BILL 866-712-7753 C,,POS 1469,-$2.99,--,,
3/9/2023,POS Debit - Visa Check Card 1469 - SPOTIFY USA 877-7781161 NY,,POS 1469,-$10.66,--,,
3/7/2023,ACH Transaction - NC DEPT REVENUE TAX PYMT 0004330513,,ACH Debit,-$10.00,--,,
3/6/2023,POS Debit - Visa Check Card 1469 - APPLE.COM BILL 866-712-7753 C,,POS 1469,-$8.53,--,,
3/3/2023,POS Debit - Visa Check Card 0356 - SEI 35335 BEAVERTON OR,,POS 0356,-$9.69,--,,
3/3/2023,Transfer to Credit Card,,Debit,"-$9,000.00",--,,
3/2/2023,POS Debit - Visa Check Card 1469 - APPLE.COM BILL 866-712-7753 C,,POS 1469,-$17.07,--,,
3/1/2023,ACH Transaction - TOYOTA FINANCIAL RETAIL PAY 0002800008,,ACH Debit,-$665.03,--,,
2/28/2023,Deposit - VAED TREAS 310,,ACH Credit,$938.50,--,,
2/28/2023,Deposit - HUMAN SERVICES,,ACH Credit,"$2,563.26",--,,
2/23/2023,"Deposit - EVATEC NA, INC.",,ACH Credit,"$3,000.41",--,,
2/22/2023,Bankwire deposit,,,"$3,510.53",--,,
2/16/2023,Transfer to Credit Card,,Debit,"-$6,000.00",--,,
2/15/2023,Deposit - VAED TREAS 310,,ACH Credit,$250.00,--,,
2/14/2023,POS Adjustment - PLAYSTATION NETWOR 800-345-7669 CA,,Credit,$85.39,--,,
2/14/2023,ACH Transaction - AMEX EPAYMENT ACH PMT 0009100001,,ACH Debit,"-$4,955.78",--,,
2/13/2023,POS Debit - Visa Check Card 1469 - PLAYSTATION NETWOR 800-345-76,,POS 1469,-$170.78,--,,
2/13/2023,ACH Transaction - GEICO PREM COLL 0002100002,,ACH Debit,-$160.81,--,,
2/9/2023,"Deposit - EVATEC NA, INC.",,ACH Credit,"$2,928.53",--,,
2/9/2023,"Deposit - EVATEC NA, INC.",,ACH Credit,"$6,767.92",--,,
2/9/2023,POS Debit - Visa Check Card 1469 - APPLE.COM BILL 866-712-7753 C,,POS 1469,-$2.99,--,,
2/9/2023,POS Debit - Visa Check Card 1469 - SPOTIFY USA 877-7781161 NY,,POS 1469,-$10.66,--,,
2/6/2023,ATM Withdrawal - COOP RIVERMARK BEAVERTON OR,,ATM,-$400.00,--,,
2/6/2023,ATM Withdrawal - COOP RIVERMARK BEAVERTON OR,,ATM,-$600.00,--,,
2/6/2023,POS Debit - Visa Check Card 1469 - APPLE.COM BILL 866-712-7753 C,,POS 1469,-$17.07,--,,
2/6/2023,POS Debit - Visa Check Card 0356 - FRED-MEYE FRED MEYER 4 BEAVER,,POS 0356,-$332.37,--,,
2/6/2023,Transfer to Credit Card,,Debit,"-$2,700.00",--,,
2/3/2023,POS Debit - Visa Check Card 0356 - SEI 35335 BEAVERTON OR,,POS 0356,-$45.18,--,,
2/1/2023,POS Debit - Visa Check Card 0356 - WINCO #014 3025 SW Ced Beaver,,POS 0356,-$50.49,--,,
2/1/2023,ACH Transaction - TOYOTA FINANCIAL RETAIL PAY 0002800008,,ACH Debit,-$665.03,--,,
1/31/2023,Deposit - VAED TREAS 310,,ACH Credit,$907.22,--,,
1/31/2023,Deposit - HUMAN SERVICES,,ACH Credit,"$1,652.79",--,,
1/26/2023,"Deposit - EVATEC NA, INC.",,ACH Credit,"$2,517.45",--,,
1/25/2023,POS Debit - Visa Check Card 0356 - YSI*PALLAS APARTME 503-605500,,POS 0356,-$30.00,--,,
1/23/2023,ATM Fee - Withdrawal,,Debit,-$1.00,--,,
1/23/2023,ATM Withdrawal - PLUS USAACATM19 NEW ORLEANS LA,,ATM,-$103.00,--,,
1/19/2023,ACH Transaction - AMEX EPAYMENT ACH PMT 0009100001,,ACH Debit,"-$1,909.68",--,,
1/18/2023,CREDIT CARD CASH ADVANCE,,Credit,"$3,500.00",--,,
1/13/2023,Transfer to Credit Card,,Debit,"-$6,800.00",--,,
1/12/2023,"Deposit - EVATEC NA, INC.",,ACH Credit,"$3,176.06",--,,
1/11/2023,ACH Transaction - GEICO PREM COLL 0002100002,,ACH Debit,-$160.81,--,,
1/9/2023,eDeposit-Scan/Mobile,,Deposit,"$3,490.56",--,,
1/9/2023,POS Debit - Visa Check Card 1469 - APPLE.COM BILL 866-712-7753 C,,POS 1469,-$2.99,--,,
1/9/2023,POS Debit - Visa Check Card 1469 - SPOTIFY USA 877-7781161 NY,,POS 1469,-$10.66,--,,
1/5/2023,POS Debit - Visa Check Card 1469 - APPLE.COM BILL 866-712-7753 C,,POS 1469,-$17.07,--,,
1/4/2023,Transfer to Credit Card,,Debit,"-$7,000.00",--,,
1/3/2023,POS Debit - Visa Check Card 1469 - WINCO #014 3025 SW Ced Beaver,,POS 1469,-$13.44,--,,
1/3/2023,ACH Transaction - TOYOTA FINANCIAL RETAIL PAY 0002800008,,ACH Debit,-$665.03,--,,
12/30/2022,"Deposit - EVATEC NA, INC.",,ACH Credit,"$3,016.40",--,,
12/29/2022,"Deposit - EVATEC NA, INC.",,ACH Credit,"$2,629.56",--,,
12/21/2022,Deposit - VAED TREAS 310,,ACH Credit,$250.00,--,,
12/19/2022,POS Debit - Visa Check Card 1469 - THE HOME DEPOT #4001 PORTLAND,,POS 1469,-$279.00,--,,
12/19/2022,POS Debit - Visa Check Card 1469 - FRED-MEYE FRED MEYER 4 BEAVER,,POS 1469,-$551.00,--,,
12/15/2022,"Deposit - EVATEC NA, INC.",,ACH Credit,"$2,742.72",--,,
12/14/2022,ACH Transaction - TotalCardDignifi PAYMENT 0008190386,,ACH Debit,"-$1,129.27",--,,
12/13/2022,CREDIT CARD CASH ADVANCE,,Credit,"$1,200.00",--,,
12/12/2022,POS Debit - Visa Check Card 1469 - SIE*PLAYSTATIONNET 877-971-76,,POS 1469,-$64.04,--,,
12/12/2022,Transfer to Credit Card,,Debit,"-$7,500.00",--,,
12/12/2022,ACH Transaction - GEICO PREM COLL 0002100002,,ACH Debit,-$160.81,--,,
12/12/2022,ACH Transaction - AMEX EPAYMENT ACH PMT 0009100001,,ACH Debit,"-$1,677.82",--,,
12/9/2022,POS Debit - Visa Check Card 1469 - APPLE.COM BILL 408-974-1010 C,,POS 1469,-$2.99,--,,
12/9/2022,POS Debit - Visa Check Card 1469 - SPOTIFY USA 877-7781161 NY,,POS 1469,-$10.66,--,,
12/9/2022,POS Debit - Visa Check Card 1469 - APPLE.COM BILL 866-712-7753 C,,POS 1469,-$17.07,--,,
12/6/2022,eDeposit-Scan/Mobile,,Deposit,$60.52,--,,
12/6/2022,"Deposit - EVATEC NA, INC.",,ACH Credit,"$1,915.09",--,,
12/6/2022,eDeposit-Scan/Mobile,,Deposit,"$2,277.79",--,,
12/6/2022,eDeposit-Scan/Mobile,,Deposit,"$2,297.98",--,,
12/6/2022,eDeposit-Scan/Mobile,,Deposit,"$2,561.81",--,,
12/6/2022,POS Debit - Visa Check Card 1469 - APPLE.COM BILL 866-712-7753 C,,POS 1469,-$17.07,--,,
12/5/2022,POS Debit - Visa Check Card 1469 - YSI*PALLAS APARTME 503-605500,,POS 1469,"-$2,673.49",--,,
12/1/2022,"Deposit - EVATEC NA, INC.",,ACH Credit,"$2,852.52",--,,
12/1/2022,ACH Transaction - TOYOTA FINANCIAL RETAIL PAY 0002800008,,ACH Debit,-$665.03,--,,
11/28/2022,REWARD REDEMPTION,,Credit,$89.03,--,,
11/18/2022,Transfer to Credit Card,,Debit,"-$5,000.00",--,,
11/17/2022,"Deposit - EVATEC NA, INC.",,ACH Credit,"$2,705.18",--,,
11/17/2022,"Deposit - EVATEC NA, INC.",,ACH Credit,"$2,884.04",--,,
11/14/2022,POS Debit - Visa Check Card 1469 - APPLE.COM BILL 408-974-1010 C,,POS 1469,-$2.99,--,,
11/14/2022,ACH Transaction - GEICO PREM COLL 0002100002,,ACH Debit,-$159.74,--,,
11/10/2022,POS Debit - Visa Check Card 1469 - APPLE.COM BILL 866-712-7753 C,,POS 1469,-$17.07,--,,
11/9/2022,POS Debit - Visa Check Card 1469 - SPOTIFY USA 877-7781161 NY,,POS 1469,-$10.66,--,,
11/8/2022,REWARD REDEMPTION,,Credit,$16.52,--,,
11/8/2022,Transfer to Credit Card,,Debit,"-$3,000.00",--,,
11/7/2022,POS Debit - Visa Check Card 1469 - NETFLIX.COM NETFLIX.COM CA,,POS 1469,-$21.34,--,,
11/7/2022,ACH Transaction - AMEX EPAYMENT ACH PMT 0009100001,,ACH Debit,-$906.64,--,,
11/4/2022,"Deposit - EVATEC NA, INC.",,ACH Credit,"$1,390.59",--,,
11/4/2022,POS Debit - Visa Check Card 1469 - YSI*PALLAS APARTME 503-605500,,POS 1469,"-$2,484.21",--,,
11/3/2022,"Deposit - EVATEC NA, INC.",,ACH Credit,"$2,629.56",--,,
11/1/2022,REWARD REDEMPTION,,Credit,$14.36,--,,
11/1/2022,CREDIT CARD CASH ADVANCE,,Credit,"$3,000.00",--,,
11/1/2022,ACH Transaction - TOYOTA FINANCIAL RETAIL PAY 0002800008,,ACH Debit,-$665.03,--,,
10/26/2022,REWARD REDEMPTION,,Credit,$81.57,--,,
10/21/2022,REWARD REDEMPTION,,Credit,$39.11,--,,
10/21/2022,"Deposit - EVATEC NA, INC.",,ACH Credit,"$7,377.63",--,,
10/21/2022,Transfer to Credit Card,,Debit,"-$10,000.00",--,,
10/20/2022,"Deposit - EVATEC NA, INC.",,ACH Credit,"$2,779.32",--,,
10/14/2022,ACH Transaction - AMEX EPAYMENT ACH PMT 0009100001,,ACH Debit,"-$1,498.09",--,,
10/13/2022,REWARD REDEMPTION,,Credit,$54.69,--,,
10/12/2022,ACH Transaction - TotalCardDignifi PAYMENT 0008190386,,ACH Debit,-$800.00,--,,
10/11/2022,POS Debit - Visa Check Card 1469 - APPLE.COM BILL 866-712-7753 C,,POS 1469,-$2.99,--,,
10/11/2022,POS Debit - Visa Check Card 1469 - SPOTIFY USA 877-7781161 NY,,POS 1469,-$5.34,--,,
10/11/2022,ACH Transaction - GEICO PREM COLL 0002100002,,ACH Debit,-$146.93,--,,
10/7/2022,REWARD REDEMPTION,,Credit,$45.64,--,,
10/7/2022,POS Debit - Visa Check Card 1469 - APPLE.COM BILL 866-712-7753 C,,POS 1469,-$17.07,--,,
10/6/2022,"Deposit - EVATEC NA, INC.",,ACH Credit,"$2,478.26",--,,
10/6/2022,POS Debit - Visa Check Card 1469 - NETFLIX.COM NETFLIX.COM CA,,POS 1469,-$21.34,--,,
10/4/2022,POS Debit - Visa Check Card 1469 - YSI*PALLAS APARTME 503-605500,,POS 1469,"-$2,483.48",--,,
10/3/2022,CREDIT CARD CASH ADVANCE,,Credit,$400.00,--,,
10/3/2022,ACH Transaction - TOYOTA FINANCIAL RETAIL PAY 0002800008,,ACH Debit,-$665.03,--,,
9/22/2022,"Deposit - EVATEC NA, INC.",,ACH Credit,"$2,478.25",--,,
9/19/2022,REWARD REDEMPTION,,Credit,$105.65,--,,
9/19/2022,Transfer to Credit Card,,Debit,"-$7,000.00",--,,
9/15/2022,POS Adjustment - APPLE.COM BILL 866-712-7753 CA,,Credit,$24.01,--,,
9/15/2022,POS Debit - Visa Check Card 1469 - APPLE.COM BILL 866-712-7753 C,,POS 1469,-$32.01,--,,
9/15/2022,ACH Transaction - AMEX EPAYMENT ACH PMT 0009100001,,ACH Debit,"-$1,695.47",--,,
9/12/2022,POS Debit - Visa Check Card 1469 - APPLE.COM BILL 866-712-7753 C,,POS 1469,-$2.38,--,,
9/12/2022,POS Debit - Visa Check Card 1469 - SPOTIFY USA 877-7781161 NY,,POS 1469,-$5.34,--,,
9/12/2022,POS Debit - Visa Check Card 1469 - APPLE.COM BILL 866-712-7753 C,,POS 1469,-$26.68,--,,
9/12/2022,ACH Transaction - GEICO PREM COLL 0002100002,,ACH Debit,-$146.91,--,,
9/9/2022,"Deposit - EVATEC NA, INC.",,ACH Credit,"$5,477.03",--,,
9/8/2022,"Deposit - EVATEC NA, INC.",,ACH Credit,"$2,848.05",--,,
9/6/2022,REWARD REDEMPTION,,Credit,$6.73,--,,
9/6/2022,POS Debit - Visa Check Card 1469 - NETFLIX.COM NETFLIX.COM CA,,POS 1469,-$21.34,--,,
9/6/2022,POS Debit - Visa Check Card 1469 - FRED-MEYE FRED MEYER 4 BEAVER,,POS 1469,-$191.00,--,,
9/2/2022,POS Debit - Visa Check Card 1469 - YSI*PALLAS APARTME 503-605500,,POS 1469,"-$2,476.87",--,,
9/1/2022,REWARD REDEMPTION,,Credit,$10.06,--,,
9/1/2022,REWARD REDEMPTION,,Credit,$43.51,--,,
9/1/2022,CREDIT CARD CASH ADVANCE,,Credit,"$4,000.00",--,,
9/1/2022,Transfer to Credit Card,,Debit,"-$2,072.57",--,,
9/1/2022,ACH Transaction - TOYOTA FINANCIAL RETAIL PAY 0002800008,,ACH Debit,-$665.03,--,,
9/1/2022,ACH Transaction - AMEX EPAYMENT ACH PMT 0009100001,,ACH Debit,-$838.56,--,,
8/29/2022,POS Debit - Visa Check Card 1469 - APPLE.COM BILL 408-974-1010 C,,POS 1469,-$0.99,--,,
8/26/2022,REWARD REDEMPTION,,Credit,$32.02,--,,
8/25/2022,"Deposit - EVATEC NA, INC.",,ACH Credit,"$2,911.63",--,,
8/22/2022,POS Debit - Visa Check Card 1469 - WINCO #014 3025 SW Ced Beaver,,POS 1469,-$36.66,--,,
8/16/2022,Transfer to Credit Card,,Debit,"-$7,000.00",--,,
8/15/2022,ACH Transaction - AMEX EPAYMENT ACH PMT 0009100001,,ACH Debit,"-$1,636.67",--,,
8/12/2022,"Deposit - EVATEC NA, INC.",,ACH Credit,"$5,570.66",--,,
8/11/2022,"Deposit - EVATEC NA, INC.",,ACH Credit,"$2,718.10",--,,
8/11/2022,ACH Transaction - GEICO PREM COLL 0002100002,,ACH Debit,-$146.91,--,,
8/10/2022,POS Debit - Visa Check Card 1469 - SPOTIFY USA 877-7781161 NY,,POS 1469,-$5.34,--,,
8/10/2022,ACH Transaction - TotalCardDignifi PAYMENT 0008190386,,ACH Debit,-$234.00,--,,
8/8/2022,POS Debit - Visa Check Card 1469 - NETFLIX.COM NETFLIX.COM CA,,POS 1469,-$21.34,--,,
8/3/2022,POS Debit - Visa Check Card 1469 - YSI*PALLAS APARTME 503-605500,,POS 1469,"-$2,488.39",--,,
8/2/2022,REWARD REDEMPTION,,Credit,$64.04,--,,
8/2/2022,CREDIT CARD CASH ADVANCE,,Credit,"$3,000.00",--,,
8/2/2022,ACH Transaction - TOYOTA FINANCIAL RETAIL PAY 0002800008,,ACH Debit,-$665.03,--,,
8/1/2022,REWARD REDEMPTION,,Credit,$101.31,--,,
8/1/2022,Transfer to Credit Card,,Debit,"-$12,246.91",--,,
7/28/2022,"Deposit - EVATEC NA, INC.",,ACH Credit,"$2,718.10",--,,
7/28/2022,"Deposit - EVATEC NA, INC.",,ACH Credit,"$5,178.37",--,,
7/28/2022,POS Debit - Visa Check Card 1469 - APPLE.COM BILL 866-712-7753 C,,POS 1469,-$0.99,--,,
7/26/2022,POS Debit - Visa Check Card 1469 - APPLE.COM BILL 800-275-2273 C,,POS 1469,-$10.66,--,,
7/19/2022,ACH Transaction - AMEX EPAYMENT ACH PMT 0009100001,,ACH Debit,-$650.21,--,,
7/19/2022,ACH Transaction - AMEX EPAYMENT ACH PMT 0009100001,,ACH Debit,"-$1,718.14",--,,
7/18/2022,"Deposit - EVATEC NA, INC.",,ACH Credit,"$4,938.98",--,,
7/14/2022,REWARD REDEMPTION,,Credit,$2.64,--,,
7/14/2022,"Deposit - EVATEC NA, INC.",,ACH Credit,"$2,610.73",--,,
7/12/2022,REWARD REDEMPTION,,Credit,$70.30,--,,
7/11/2022,POS Debit - Visa Check Card 1469 - SPOTIFY USA 877-7781161 NY,,POS 1469,-$5.34,--,,
7/11/2022,ACH Transaction - GEICO PREM COLL 0002100002,,ACH Debit,-$146.91,--,,
7/6/2022,POS Debit - Visa Check Card 1469 - NETFLIX.COM NETFLIX.COM CA,,POS 1469,-$21.34,--,,
7/5/2022,POS Debit - Visa Check Card 1469 - YSI*PALLAS APARTME 503-605500,,POS 1469,"-$2,421.48",--,,
7/1/2022,REWARD REDEMPTION,,Credit,$46.94,--,,
7/1/2022,"Deposit - EVATEC NA, INC.",,ACH Credit,"$1,940.30",--,,
7/1/2022,Transfer from Shares,,Credit,$2.67,--,,
7/1/2022,Transfer to Credit Card,,Debit,"-$1,940.00",--,,
7/1/2022,Transfer to Credit Card,,Debit,"-$4,518.00",--,,
7/1/2022,ACH Transaction - AMEX EPAYMENT ACH PMT 0009100001,,ACH Debit,"-$1,006.65",--,,
6/30/2022,"Deposit - EVATEC NA, INC.",,ACH Credit,"$2,637.56",--,,
6/28/2022,POS Debit - Visa Check Card 1469 - APPLE.COM BILL 866-712-7753 C,,POS 1469,-$0.99,--,,
6/27/2022,POS Debit - Visa Check Card 1469 - WINCO #014 3025 SW Ced Beaver,,POS 1469,-$6.52,--,,
6/22/2022,ACH Transaction - AMEX EPAYMENT ACH PMT 0009100001,,ACH Debit,"-$1,285.74",--,,
6/21/2022,POS Adjustment - CARMAX #7164 BEAVERTON OR,,Credit,"$4,000.00",--,,
6/21/2022,REWARD REDEMPTION,,Credit,$26.22,--,,
6/17/2022,POS Debit - Visa Check Card 1469 - BEAVERTON TOYOTA BEAVERTON OR,,POS 1469,"-$5,000.00",--,,
6/16/2022,"Deposit - EVATEC NA, INC.",,ACH Credit,"$2,570.47",--,,
6/13/2022,REWARD REDEMPTION,,Credit,$6.45,--,,
6/13/2022,CREDIT CARD CASH ADVANCE,,Credit,"$2,000.00",--,,
6/13/2022,ACH Transaction - GEICO PREM COLL 0002100002,,ACH Debit,-$37.07,--,,
6/13/2022,ACH Transaction - AMEX EPAYMENT ACH PMT 0009100001,,ACH Debit,-$892.54,--,,
6/10/2022,POS Debit - Visa Check Card 1469 - SPOTIFY USA 877-7781161 NY,,POS 1469,-$5.34,--,,
6/10/2022,POS Debit - Visa Check Card 1469 - VZWRLSS*BILL PAY V 800-922020,,POS 1469,-$268.89,--,,
6/8/2022,REWARD REDEMPTION,,Credit,$25.61,--,,
6/6/2022,POS Debit - Visa Check Card 1469 - NETFLIX.COM NETFLIX.COM CA,,POS 1469,-$21.34,--,,
6/6/2022,POS Debit - Visa Check Card 1469 - COMCAST CABLE COMM 800-COMCAS,,POS 1469,-$50.00,--,,
6/6/2022,POS Debit - Visa Check Card 1469 - YSI*PALLAS APARTME 503-605500,,POS 1469,"-$2,394.95",--,,
6/3/2022,"Deposit - EVATEC NA, INC.",,ACH Credit,$270.00,--,,
6/2/2022,"Deposit - EVATEC NA, INC.",,ACH Credit,"$2,396.98",--,,
6/2/2022,POS Debit - Visa Check Card 1469 - CARMAX #7164 9405 SW C BEAVER,,POS 1469,"-$4,000.00",--,,
6/1/2022,REWARD REDEMPTION,,Credit,$12.62,--,,
5/31/2022,REWARD REDEMPTION,,Credit,$14.19,--,,
5/31/2022,POS Debit - Visa Check Card 1469 - APPLE.COM BILL 866-712-7753 C,,POS 1469,-$0.99,--,,
5/31/2022,Transfer to Credit Card,,Debit,"-$5,079.63",--,,
5/31/2022,ACH Transaction - AMEX EPAYMENT ACH PMT 0009100001,,ACH Debit,"-$1,607.91",--,,
5/27/2022,POS Debit - Visa Check Card 1469 - WINCO #014 3025 SW Ced Beaver,,POS 1469,-$25.39,--,,
5/26/2022,REWARD REDEMPTION,,Credit,$18.00,--,,
5/25/2022,ACH Transaction - AMEX EPAYMENT ACH PMT 0009100001,,ACH Debit,-$605.11,--,,
5/23/2022,REWARD REDEMPTION,,Credit,$56.74,--,,
5/23/2022,POS Debit - Visa Check Card 1469 - WINCO #014 3025 SW Ced Beaver,,POS 1469,-$33.72,--,,
5/20/2022,eDeposit-Scan/Mobile,,Deposit,"$6,200.00",--,,
5/20/2022,ACH Transaction - AMEX EPAYMENT ACH PMT 0009100001,,ACH Debit,-$640.00,--,,
5/19/2022,REWARD REDEMPTION,,Credit,$20.15,--,,
5/19/2022,"Deposit - EVATEC NA, INC.",,ACH Credit,"$6,020.61",--,,
5/19/2022,Transfer to Credit Card,,Debit,"-$1,149.39",--,,
5/17/2022,ACH Transaction - AMEX EPAYMENT ACH PMT 0009100001,,ACH Debit,-$13.02,--,,
5/17/2022,ACH Transaction - AMEX EPAYMENT ACH PMT 0009100001,,ACH Debit,"-$1,460.12",--,,
5/16/2022,REWARD REDEMPTION,,Credit,$61.51,--,,
5/16/2022,Transfer from Shares,,Credit,$803.16,--,,
5/16/2022,"POS Debit - Visa Check Card 1469 - CHEVRON CHRISTENSEN, I GRANGE",,POS 1469,-$14.83,--,,
5/16/2022,POS Debit - Visa Check Card 1469 - COMCAST PORTLAND 800-266-2278,,POS 1469,-$25.00,--,,
5/16/2022,POS Debit - Visa Check Card 1469 - CHEVRON 0308195 GRANGER WA,,POS 1469,-$100.00,--,,
5/16/2022,Transfer to Credit Card,,Debit,"-$3,525.53",--,,
5/11/2022,ACH Transaction - GEICO GEICO PYMT 0002100002,,ACH Debit,-$36.05,--,,
5/10/2022,POS Debit - Visa Check Card 1469 - SPOTIFY USA 877-7781161 NY,,POS 1469,-$5.34,--,,
5/10/2022,POS Debit - Visa Check Card 1469 - TRAVELERS-GEICO AG 877-205-57,,POS 1469,-$162.00,--,,
5/10/2022,POS Debit - Visa Check Card 1469 - YSI*PALLAS APARTME 503-605500,,POS 1469,"-$1,900.79",--,,
5/10/2022,Transfer to Loan,,Debit,-$330.12,--,,
5/9/2022,Deposit - GEICO,,ACH Credit,$27.43,--,,
5/6/2022,"Deposit - EVATEC NA, INC.",,ACH Credit,"$6,666.99",--,,
5/6/2022,POS Debit - Visa Check Card 1469 - NETFLIX.COM NETFLIX.COM CA,,POS 1469,-$21.34,--,,
5/6/2022,POS Debit - Visa Check Card 1469 - VZWRLSS*BILL PAY V 800-922020,,POS 1469,-$76.29,--,,
5/6/2022,ACH Transaction - AMEX EPAYMENT ACH PMT 0009100001,,ACH Debit,-$838.87,--,,
5/5/2022,"Deposit - EVATEC NA, INC.",,ACH Credit,"$2,610.73",--,,
5/5/2022,POS Debit - Visa Check Card 1469 - ARBOR RIDGE APARTM GREENSBORO,,POS 1469,-$3.00,--,,
5/5/2022,POS Debit - Visa Check Card 1469 - THE HOME DEPOT #3605 GREENSBO,,POS 1469,-$77.45,--,,
5/4/2022,POS Debit - Visa Check Card 1469 - YSI*DRUCKER FALK 757-2451541,,POS 1469,-$533.31,--,,
5/3/2022,POS Debit - Visa Check Card 1469 - PLAYSTATION NETWOR 800-345-76,,POS 1469,-$9.99,--,,
5/2/2022,ACH Transaction - AMEX EPAYMENT ACH PMT 0009100001,,ACH Debit,"-$1,973.80",--,,
4/29/2022,POS Debit - Visa Check Card 1469 - VZWRLSS*BILL PAY V 800-922-02,,POS 1469,-$148.75,--,,
4/28/2022,POS Debit - Visa Check Card 1469 - APPLE.COM BILL 866-712-7753 C,,POS 1469,-$0.99,--,,
4/28/2022,POS Debit - Visa Check Card 1469 - HABIT NEWBURY #6 NEWBURY PARK,,POS 1469,-$13.90,--,,
4/27/2022,POS Adjustment - Zelle*POGOS AYRAN Visa Direct AZUS,,Credit,$14.00,--,,
4/27/2022,ATM Fee - Withdrawal,,Debit,-$1.00,--,,
4/27/2022,ATM Withdrawal - PLUS P430967 WESTLAKE VILLCA,,ATM,-$84.00,--,,
4/27/2022,POS Debit - Visa Check Card 1469 - APPLE.COM BILL 866-712-7753 C,,POS 1469,-$8.53,--,,
4/26/2022,Transfer to Loan,,Debit,-$330.12,--,,
4/25/2022,ATM Fee - Withdrawal,,Debit,-$1.00,--,,
4/25/2022,ATM Withdrawal - PLUS Designer ATM Re Winnetka CA,,ATM,-$63.00,--,,
4/25/2022,Transfer to Credit Card,,Debit,-$398.25,--,,
4/22/2022,"Deposit - EVATEC NA, INC.",,ACH Credit,$397.60,--,,
4/22/2022,POS Debit - Visa Check Card 1469 - SPI*DUKE-ENERGY 800-777-9898,,POS 1469,-$149.70,--,,
4/22/2022,ACH Transaction - AMEX EPAYMENT ACH PMT 0009100001,,ACH Debit,"-$1,665.65",--,,
4/21/2022,REWARD REDEMPTION,,Credit,$7.13,--,,
4/21/2022,"Deposit - EVATEC NA, INC.",,ACH Credit,"$2,935.77",--,,
4/20/2022,POS Debit - Visa Check Card 1469 - APPLE.COM BILL 866-712-7753 C,,POS 1469,-$32.01,--,,
4/19/2022,POS Debit - Visa Check Card 1469 - OCULUS 650-5434800 CA,,POS 1469,-$10.66,--,,
4/18/2022,ATM Fee - Withdrawal,,Debit,-$1.00,--,,
4/18/2022,ATM Withdrawal - PLUS P430967 WESTLAKE VILLCA,,ATM,-$24.00,--,,
4/18/2022,POS Debit - Visa Check Card 1469 - OCULUS 650-5434800 CA,,POS 1469,-$21.34,--,,
4/18/2022,POS Debit - Visa Check Card 1469 - OCULUS 650-5434800 CA,,POS 1469,-$32.01,--,,
4/18/2022,ACH Transaction - GEICO PREM COLL 0002100002,,ACH Debit,-$115.81,--,,
4/15/2022,POS Debit - Visa Check Card 1469 - OCULUS 650-5434800 CA,,POS 1469,-$10.66,--,,
4/14/2022,POS Debit - Visa Check Card 1469 - YSI*PALLAS APARTME 503-605500,,POS 1469,-$30.00,--,,
4/14/2022,POS Debit - Visa Check Card 1469 - YSI*PALLAS APARTME 503-605500,,POS 1469,-$100.00,--,,
4/14/2022,ACH Transaction - AMEX EPAYMENT ACH PMT 0009100001,,ACH Debit,"-$1,551.28",--,,
4/13/2022,ACH Transaction - AMEX EPAYMENT ACH PMT 0009100001,,ACH Debit,"-$1,385.40",--,,
4/12/2022,POS Debit - Visa Check Card 1469 - SHEETZ 0460 0000 GREENSBORO N,,POS 1469,-$14.75,--,,
4/12/2022,Transfer to Loan,,Debit,-$330.12,--,,
4/12/2022,ACH Transaction - AMEX EPAYMENT ACH PMT 0009100001,,ACH Debit,-$801.88,--,,
4/11/2022,Deposit - NCDOR IND INCOME,,ACH Credit,$490.00,--,,
4/11/2022,POS Debit - Visa Check Card 1469 - SPOTIFY USA 877-7781161 NY,,POS 1469,-$5.34,--,,
4/11/2022,POS Debit - Visa Check Card 1469 - ARBOR RIDGE APARTM GREENSBORO,,POS 1469,-$6.00,--,,
4/11/2022,POS Debit - Visa Check Card 1469 - AUTOZONE 2436 117 GUI GREENSB,,POS 1469,-$58.70,--,,
4/11/2022,POS Debit - Visa Check Card 1469 - ROSS STORES #767 GREENSBORO N,,POS 1469,-$66.65,--,,
4/8/2022,POS Debit - Visa Check Card 1469 - TARGET 0002 GREENSBORO NC,,POS 1469,-$142.98,--,,
4/8/2022,Transfer to Credit Card,,Debit,"-$3,156.39",--,,
4/7/2022,"Deposit - EVATEC NA, INC.",,ACH Credit,"$3,059.06",--,,
4/7/2022,"Deposit - EVATEC NA, INC.",,ACH Credit,"$4,051.58",--,,
4/6/2022,REWARD REDEMPTION,,Credit,$24.75,--,,
4/6/2022,POS Debit - Visa Check Card 1469 - ARBOR RIDGE APARTM GREENSBORO,,POS 1469,-$6.00,--,,
4/6/2022,POS Debit - Visa Check Card 1469 - STARBUCKS STORE 08 GREENSBORO,,POS 1469,-$12.70,--,,
4/6/2022,POS Debit - Visa Check Card 1469 - NETFLIX.COM NETFLIX.COM CA,,POS 1469,-$21.34,--,,
4/5/2022,REWARD REDEMPTION,,Credit,$56.05,--,,
4/5/2022,POS Debit - Visa Check Card 1469 - LAX UNIVISION LOS ANGELES CA,,POS 1469,-$6.96,--,,
4/5/2022,POS Debit - Visa Check Card 1469 - TACO BELL 039712 GREENSBORO N,,POS 1469,-$18.93,--,,
4/5/2022,POS Debit - Visa Check Card 1469 - GOLDEN CHINA GREENSBORO NC,,POS 1469,-$27.49,--,,
4/5/2022,POS Debit - Visa Check Card 1469 - NOODLES CO 9026 GREENSBORO NC,,POS 1469,-$28.98,--,,
4/5/2022,POS Debit - Visa Check Card 1469 - YSI*DRUCKER FALK 757-2451541,,POS 1469,"-$2,465.01",--,,
4/4/2022,ATM Fee - Withdrawal,,Debit,-$1.00,--,,
4/4/2022,ATM Withdrawal - PLUS P430967 WESTLAKE VILLCA,,ATM,-$24.00,--,,
4/4/2022,POS Debit - Visa Check Card 1469 - STARBUCKS STORE 05 THOUSAND O,,POS 1469,-$5.75,--,,
4/4/2022,POS Debit - Visa Check Card 1469 - STARBUCKS STORE 05 THOUSAND O,,POS 1469,-$5.95,--,,
4/4/2022,POS Debit - Visa Check Card 1469 - HUDSON ST1246 CARSON CA,,POS 1469,-$9.99,--,,
4/4/2022,POS Debit - Visa Check Card 1469 - DAPHNES NEWBURY PA THOUSAND O,,POS 1469,-$15.61,--,,
4/4/2022,POS Debit - Visa Check Card 1469 - PRESTO PASTA - NEW THOUSAND O,,POS 1469,-$16.89,--,,
4/4/2022,POS Debit - Visa Check Card 1469 - HYATT REGENCY WSTL WESTLAKE V,,POS 1469,-$20.00,--,,
4/4/2022,POS Debit - Visa Check Card 1469 - HYATT REGENCY WSTL WESTLAKE V,,POS 1469,-$38.00,--,,
4/4/2022,POS Debit - Visa Check Card 1469 - HYATT REGENCY WSTL WESTLAKE V,,POS 1469,-$40.00,--,,
4/4/2022,POS Debit - Visa Check Card 1469 - APPLE.COM BILL 866-712-7753 C,,POS 1469,-$42.69,--,,
4/4/2022,POS Debit - Visa Check Card 1469 - TOMODACHI RESTAURA WESTLAKE V,,POS 1469,-$71.05,--,,
4/4/2022,POS Debit - Visa Check Card 1469 - STORAGE ZONE- H37S 407-831-83,,POS 1469,-$71.36,--,,
4/4/2022,POS Debit - Visa Check Card 1469 - LITTER ROBOT WHISK 877-250-77,,POS 1469,-$586.06,--,,
4/1/2022,POS Debit - Visa Check Card 1469 - STARBUCKS STORE 05 THOUSAND O,,POS 1469,-$5.95,--,,
4/1/2022,POS Debit - Visa Check Card 1469 - HYATT REGENCY WSTL WESTLAKE V,,POS 1469,-$20.00,--,,
4/1/2022,POS Debit - Visa Check Card 1469 - VONS #3135 THOUSAND OAKSCA,,POS 1469,-$27.02,--,,
4/1/2022,POS Debit - Visa Check Card 1469 - THE STAND - WESTLA WESTLAKE V,,POS 1469,-$29.44,--,,
3/31/2022,REWARD REDEMPTION,,Credit,$6.30,--,,
3/31/2022,POS Debit - Visa Check Card 1469 - TARGET 0001 THOUSAND OAKSCA,,POS 1469,-$27.87,--,,
3/31/2022,Transfer to Credit Card,,Debit,-$359.82,--,,
3/30/2022,ACH Transaction - Suzanne ACH 9999999999,,ACH Debit,"-$2,000.00",--,,
3/30/2022,POS Debit - Visa Check Card 1469 - STARBUCKS NORTH GS GREENSBORO,,POS 1469,-$7.37,--,,
3/30/2022,POS Debit - Visa Check Card 1469 - IN N OUT BURGER 29 WESTLAKE V,,POS 1469,-$12.76,--,,
3/30/2022,POS Debit - Visa Check Card 1469 - CHICK-FIL-A #0746 GREENSBORO,,POS 1469,-$14.60,--,,
3/29/2022,POS Debit - Visa Check Card 1469 - SHEETZ 0460 0000 GREENSBORO N,,POS 1469,-$3.74,--,,
3/29/2022,POS Debit - Visa Check Card 1469 - ARBOR RIDGE APARTM GREENSBORO,,POS 1469,-$6.00,--,,
3/29/2022,POS Debit - Visa Check Card 1469 - PITA DELITE FRIEND GREENSBORO,,POS 1469,-$25.15,--,,
3/29/2022,POS Debit - Visa Check Card 1469 - ULTA #331 GREENSBORO NC,,POS 1469,-$39.50,--,,
3/29/2022,POS Debit - Visa Check Card 1469 - DSW SHOPS AT FRIEN GREENSBORO,,POS 1469,-$85.39,--,,
3/29/2022,Transfer to Loan,,Debit,-$330.12,--,,
3/28/2022,POS Adjustment - FUBOTV INC 844-4413826 NY,,Credit,$1.00,--,,
3/28/2022,POS Debit - Visa Check Card 1469 - FUBOTV INC 844-4413826 NY,,POS 1469,-$1.00,--,,
3/28/2022,POS Debit - Visa Check Card 1469 - SHEETZ 0460 0000 GREENSBORO N,,POS 1469,-$9.73,--,,
3/28/2022,POS Debit - Visa Check Card 1469 - STARBUCKS STORE 08 GREENSBORO,,POS 1469,-$12.70,--,,
3/28/2022,POS Debit - Visa Check Card 1469 - STARBUCKS STORE 08 GREENSBORO,,POS 1469,-$13.56,--,,
3/28/2022,POS Debit - Visa Check Card 1469 - MOE'S 245 GREENSBORO NC,,POS 1469,-$23.87,--,,
3/28/2022,POS Debit - Visa Check Card 1469 - 4324 GREAT CLIPS A GREENSBORO,,POS 1469,-$38.87,--,,
3/28/2022,POS Debit - Visa Check Card 1469 - PF CHANGS #9998 GREENSBORO NC,,POS 1469,-$66.04,--,,
3/28/2022,POS Debit - Visa Check Card 1469 - EXPRESS#0552 GREENSBORO NC,,POS 1469,-$89.66,--,,
3/25/2022,POS Debit - Visa Check Card 1469 - CHICKEN SALAD CHIC HIGH POINT,,POS 1469,-$11.19,--,,
3/25/2022,POS Debit - Visa Check Card 1469 - STARBUCKS STORE 08 GREENSBORO,,POS 1469,-$12.70,--,,
3/25/2022,POS Debit - Visa Check Card 1469 - THE BASIL LEAF SUS HIGH POINT,,POS 1469,-$20.07,--,,
3/25/2022,POS Debit - Visa Check Card 1469 - CORELIFE EATERY GREENSBORO NC,,POS 1469,-$21.88,--,,
3/24/2022,"Deposit - EVATEC NA, INC.",,ACH Credit,"$1,604.90",--,,
3/24/2022,POS Debit - Visa Check Card 1469 - HARRIS TEETER #0 701 F GREENS,,POS 1469,-$10.18,--,,
3/24/2022,POS Debit - Visa Check Card 1469 - STARBUCKS STORE 08 GREENSBORO,,POS 1469,-$13.88,--,,
3/23/2022,POS Debit - Visa Check Card 1469 - MAD GREEK GRILL HIGH POINT NC,,POS 1469,-$13.66,--,,
3/23/2022,POS Debit - Visa Check Card 1469 - HARRIS TE 701 FRANCIS GREENSB,,POS 1469,-$22.06,--,,
3/23/2022,POS Debit - Visa Check Card 1469 - SHEETZ 0460 GREENSBORO NC,,POS 1469,-$64.12,--,,
3/22/2022,POS Debit - Visa Check Card 1469 - STARBUCKS STORE 08 GREENSBORO,,POS 1469,-$13.56,--,,
3/22/2022,POS Debit - Visa Check Card 1469 - ICHI SUSHI ASIAN G GREENSBORO,,POS 1469,-$58.04,--,,
3/22/2022,POS Debit - Visa Check Card 1469 - HARRIS TE 701 FRANCIS GREENSB,,POS 1469,-$60.58,--,,
3/21/2022,REWARD REDEMPTION,,Credit,$0.23,--,,
3/21/2022,POS Debit - Visa Check Card 1469 - ARBOR RIDGE APARTM GREENSBORO,,POS 1469,-$1.50,--,,
3/21/2022,POS Debit - Visa Check Card 1469 - ARBOR RIDGE APARTM GREENSBORO,,POS 1469,-$1.50,--,,
3/21/2022,POS Debit - Visa Check Card 1469 - PDX DESCHUTES BREW PORTLAND O,,POS 1469,-$5.85,--,,
3/21/2022,POS Debit - Visa Check Card 1469 - STARBUCKS STORE 13 HILLSBORO,,POS 1469,-$6.95,--,,
3/21/2022,POS Debit - Visa Check Card 1469 - TACO BELL 039712 GREENSBORO N,,POS 1469,-$9.69,--,,
3/21/2022,POS Debit - Visa Check Card 1469 - MOE'S 245 GREENSBORO NC,,POS 1469,-$23.87,--,,
3/21/2022,POS Debit - Visa Check Card 1469 - SHELL OIL 57443146 PORTLAND O,,POS 1469,-$26.94,--,,
3/21/2022,POS Debit - Visa Check Card 1469 - PETCO 1776 GREENSBORO NC,,POS 1469,-$34.14,--,,
3/21/2022,POS Debit - Visa Check Card 1469 - HARRIS TE 701 FRANCIS GREENSB,,POS 1469,-$41.04,--,,
3/21/2022,POS Debit - Visa Check Card 1469 - SPRINGHILL SUITES HILLSBORO O,,POS 1469,-$142.73,--,,
3/18/2022,POS Debit - Visa Check Card 1469 - STARBUCKS STORE 13 HILLSBORO,,POS 1469,-$6.95,--,,
3/18/2022,POS Debit - Visa Check Card 1469 - WINGSTOP 1914 HILLSBORO OR,,POS 1469,-$13.89,--,,
3/17/2022,Deposit - QORVO US INC,,ACH Credit,"$2,020.73",--,,
3/17/2022,POS Debit - Visa Check Card 1469 - WINCO FOODS #40 7330 N Hillsb,,POS 1469,-$6.66,--,,
3/17/2022,POS Debit - Visa Check Card 1469 - NOODLES CO 812 HILLSBORO OR,,POS 1469,-$13.75,--,,
3/17/2022,POS Debit - Visa Check Card 1469 - CHICK-FIL-A #04048 BEAVERTON,,POS 1469,-$14.68,--,,
3/17/2022,POS Debit - Visa Check Card 1469 - LONGBOTTOM COFFEE HILLSBORO O,,POS 1469,-$18.50,--,,
3/17/2022,POS Debit - Visa Check Card 1469 - BEST BUY 00014910 HILLSBORO O,,POS 1469,-$18.99,--,,
3/16/2022,POS Debit - Visa Check Card 1469 - ATL CNBC ATLANTA GA,,POS 1469,-$2.80,--,,
3/16/2022,POS Debit - Visa Check Card 1469 - TACO BELL #032943 BEAVERTON O,,POS 1469,-$7.69,--,,
3/16/2022,POS Debit - Visa Check Card 1469 - CHICK-FIL-A #0120 GREENSBORO,,POS 1469,-$15.72,--,,
3/16/2022,POS Debit - Visa Check Card 1469 - WINCO FOODS #40 7330 N Hillsb,,POS 1469,-$19.24,--,,
3/16/2022,ACH Transaction - GEICO PREM COLL 0002100002,,ACH Debit,-$114.49,--,,
3/15/2022,POS Debit - Visa Check Card 1469 - SHEETZ 0460 0000 GREENSBORO N,,POS 1469,-$8.27,--,,
3/15/2022,POS Debit - Visa Check Card 1469 - STARBUCKS STORE 14 GREENSBORO,,POS 1469,-$13.77,--,,
3/15/2022,POS Debit - Visa Check Card 1469 - SHEETZ 0460 0000 GREENSBORO N,,POS 1469,-$20.09,--,,
3/15/2022,POS Debit - Visa Check Card 1469 - JCPENNEY 1327 GREENSBORO NC,,POS 1469,-$110.98,--,,
3/15/2022,Transfer to Credit Card,,Debit,-$13.32,--,,
3/15/2022,Transfer to Loan,,Debit,-$330.12,--,,
3/14/2022,REWARD REDEMPTION,,Credit,$13.67,--,,
3/14/2022,POS Debit - Visa Check Card 1469 - ARBOR RIDGE APARTM GREENSBORO,,POS 1469,-$1.50,--,,
3/14/2022,POS Debit - Visa Check Card 1469 - ARBOR RIDGE APARTM GREENSBORO,,POS 1469,-$1.50,--,,
3/14/2022,POS Debit - Visa Check Card 1469 - ARBOR RIDGE APARTM GREENSBORO,,POS 1469,-$3.00,--,,
3/14/2022,POS Debit - Visa Check Card 1469 - HARRIS TEETER #0 701 F GREENS,,POS 1469,-$12.08,--,,
3/14/2022,POS Debit - Visa Check Card 1469 - CHICK-FIL-A #0746 GREENSBORO,,POS 1469,-$12.44,--,,
3/14/2022,POS Debit - Visa Check Card 1469 - VZWRLSS*BILL PAY V 800-922020,,POS 1469,-$205.14,--,,
3/14/2022,Transfer to Credit Card,,Debit,-$780.73,--,,
3/11/2022,POS Debit - Visa Check Card 1469 - KOHL'S #0302 GREENSBORO NC,,POS 1469,-$203.98,--,,
3/9/2022,POS Debit - Visa Check Card 1469 - SPOTIFY USA 877-7781161 NY,,POS 1469,-$5.34,--,,
3/7/2022,International Transaction fee,,Debit,-$0.36,--,,
3/7/2022,POS Debit - Visa Check Card 1469 - NETFLIX.COM NETFLIX.COM CA,,POS 1469,-$21.34,--,,
3/7/2022,POS Debit - Visa Check Card 1469 - G2A.COM AMSTERDAM,,POS 1469,-$36.13,--,,
3/7/2022,POS Debit - Visa Check Card 1469 - BREAKOUT GAMES HTTPSBREAKOUTN,,POS 1469,-$91.78,--,,
3/3/2022,Deposit - QORVO US INC,,ACH Credit,"$2,262.65",--,,
3/3/2022,POS Debit - Visa Check Card 1469 - STORAGE ZONE- H37S 407-831-83,,POS 1469,-$71.36,--,,
3/1/2022,REWARD REDEMPTION,,Credit,$16.95,--,,
3/1/2022,Deposit - IRS TREAS 310,,ACH Credit,"$4,168.00",--,,
3/1/2022,POS Debit - Visa Check Card 1469 - DISNEYPLUS 888-9057888 CA,,POS 1469,-$8.53,--,,
3/1/2022,Transfer to Loan,,Debit,-$330.12,--,,
3/1/2022,Transfer to Credit Card,,Debit,-$840.30,--,,
2/28/2022,POS Debit - Visa Check Card 1469 - ARBOR RIDGE GREENSBORO NC,,POS 1469,-$3.00,--,,
2/28/2022,POS Debit - Visa Check Card 1469 - Y BAR 503-2723311 OR,,POS 1469,-$9.50,--,,
2/28/2022,POS Debit - Visa Check Card 1469 - Y BAR 503-2723311 OR,,POS 1469,-$9.50,--,,
2/28/2022,POS Debit - Visa Check Card 1469 - WY EAST CAFE 503-2723311 OR,,POS 1469,-$17.50,--,,
2/25/2022,POS Debit - Visa Check Card 1469 - PAYPAL *payment Visa Direct C,,POS 1469,-$101.14,--,,
2/22/2022,POS Adjustment - APPLE.COM BILL 866-712-7753 CA,,Credit,$8.53,--,,
2/22/2022,POS Debit - Visa Check Card 1469 - MT HOOD MEADOWS MT HOOD OR,,POS 1469,-$11.21,--,,
2/22/2022,POS Debit - Visa Check Card 1469 - TIMBERLINE TKTS-SC GOVERNMENT,,POS 1469,-$75.00,--,,
2/18/2022,POS Debit - Visa Check Card 1469 - GSO CNBC TRIAD GREENSBORO NC,,POS 1469,-$3.19,--,,
2/18/2022,POS Debit - Visa Check Card 1469 - HOODLAND THRFTWY WELCHES OR,,POS 1469,-$8.18,--,,
2/18/2022,POS Debit - Visa Check Card 1469 - APPLE.COM BILL 866-712-7753 C,,POS 1469,-$8.53,--,,
2/18/2022,POS Debit - Visa Check Card 1469 - ATL CHICK-FIL-A ATLANTA GA,,POS 1469,-$14.97,--,,
2/18/2022,POS Debit - Visa Check Card 1469 - APPLE.COM BILL 866-712-7753 C,,POS 1469,-$26.68,--,,
2/18/2022,POS Debit - Visa Check Card 1469 - Timberline Gift Shop Governme,,POS 1469,-$50.99,--,,
2/17/2022,Deposit - QORVO US INC,,ACH Credit,"$2,626.54",--,,
2/17/2022,POS Debit - Visa Check Card 1469 - CHICK-FIL-A #0746 GREENSBORO,,POS 1469,-$12.44,--,,
2/17/2022,POS Debit - Visa Check Card 1469 - STARBUCKS STORE 50 GREENSBORO,,POS 1469,-$13.56,--,,
2/17/2022,POS Debit - Visa Check Card 1469 - TACO BELL 039712 GREENSBORO N,,POS 1469,-$17.56,--,,
2/17/2022,POS Debit - Visa Check Card 1469 - DELTA AIR BAGGAG GREENSBORO N,,POS 1469,-$30.00,--,,
2/16/2022,POS Debit - Visa Check Card 1469 - ARBOR RIDGE GREENSBORO NC,,POS 1469,-$1.50,--,,
2/16/2022,POS Debit - Visa Check Card 1469 - ARBOR RIDGE GREENSBORO NC,,POS 1469,-$1.50,--,,
2/16/2022,POS Debit - Visa Check Card 1469 - CHICK-FIL-A #0746 GREENSBORO,,POS 1469,-$6.51,--,,
2/16/2022,POS Debit - Visa Check Card 1469 - LEMON INDIAN CUISI GREENSBORO,,POS 1469,-$50.39,--,,
2/16/2022,POS Debit - Visa Check Card 1469 - SPORTSMANS WAREHOUSE 6 GREENS,,POS 1469,-$64.05,--,,
2/16/2022,POS Debit - Visa Check Card 1469 - TARGET 0002 GREENSBORO NC,,POS 1469,-$75.49,--,,
2/16/2022,ACH Transaction - GEICO PREM COLL 0002100002,,ACH Debit,-$114.98,--,,
2/15/2022,POS Debit - Visa Check Card 1469 - ARBOR RIDGE GREENSBORO NC,,POS 1469,-$1.50,--,,
2/15/2022,POS Debit - Visa Check Card 1469 - 365 SOS AUTO APRIV TROY MI,,POS 1469,-$1.54,--,,
2/14/2022,POS Debit - Visa Check Card 1469 - ARBOR RIDGE GREENSBORO NC,,POS 1469,-$3.00,--,,
2/14/2022,POS Debit - Visa Check Card 1469 - CHICK-FIL-A #0746 GREENSBORO,,POS 1469,-$7.42,--,,
2/14/2022,POS Debit - Visa Check Card 1469 - CHICK-FIL-A #0746 GREENSBORO,,POS 1469,-$7.42,--,,
2/14/2022,POS Debit - Visa Check Card 1469 - SHEETZ 0460 0000 GREENSBORO N,,POS 1469,-$11.40,--,,
2/14/2022,POS Debit - Visa Check Card 1469 - CHICK-FIL-A #0746 GREENSBORO,,POS 1469,-$12.44,--,,
2/14/2022,POS Debit - Visa Check Card 1469 - STARBUCKS STORE 08 GREENSBORO,,POS 1469,-$13.56,--,,
2/14/2022,POS Debit - Visa Check Card 1469 - HARRIS TE 701 FRANCIS GREENSB,,POS 1469,-$41.16,--,,
2/14/2022,POS Debit - Visa Check Card 1469 - SPI*DUKE-ENERGY 800-777-9898,,POS 1469,-$202.91,--,,
2/14/2022,POS Debit - Visa Check Card 1469 - FLOWER SHOP NETWOR 877-376-73,,POS 1469,-$262.14,--,,
2/11/2022,POS Debit - Visa Check Card 1469 - CHICK-FIL-A #0746 GREENSBORO,,POS 1469,-$7.42,--,,
2/11/2022,POS Debit - Visa Check Card 1469 - STARBUCKS STORE 08 GREENSBORO,,POS 1469,-$12.70,--,,
2/11/2022,POS Debit - Visa Check Card 1469 - HEAVENLY BUFFALOES GREENSBORO,,POS 1469,-$49.99,--,,
2/11/2022,POS Debit - Visa Check Card 1469 - PETCO 1776 GREENSBORO NC,,POS 1469,-$122.71,--,,
2/10/2022,Deposit Loan proceeds,,Deposit,"$26,000.00",--,,
2/10/2022,POS Debit - Visa Check Card 1469 - CHICK-FIL-A #0746 GREENSBORO,,POS 1469,-$7.42,--,,
2/10/2022,POS Debit - Visa Check Card 1469 - ZUMIEZ #464 GREENSBORO NC,,POS 1469,-$79.96,--,,
2/10/2022,Transfer to Credit Card,,Debit,-$443.18,--,,
2/10/2022,Transfer to Shares,,Debit,"-$26,000.00",--,,
2/9/2022,POS Debit - Visa Check Card 1469 - SPOTIFY USA 877-7781161 NY,,POS 1469,-$5.34,--,,
2/9/2022,POS Debit - Visa Check Card 1469 - ESTORE ONTHEHUB CO WWW KIVUTO,,POS 1469,-$29.95,--,,
2/8/2022,POS Debit - Visa Check Card 1469 - SHEETZ 0460 0000 GREENSBORO N,,POS 1469,-$3.32,--,,
2/8/2022,POS Debit - Visa Check Card 1469 - STARBUCKS STORE 08 GREENSBORO,,POS 1469,-$12.70,--,,
2/8/2022,POS Debit - Visa Check Card 1469 - STEAMGAMES.COM 425 425-889964,,POS 1469,-$64.04,--,,
2/7/2022,POS Debit - Visa Check Card 1469 - ARBOR RIDGE GREENSBORO NC,,POS 1469,-$1.50,--,,
2/7/2022,POS Debit - Visa Check Card 1469 - ARBOR RIDGE GREENSBORO NC,,POS 1469,-$1.50,--,,
2/7/2022,POS Debit - Visa Check Card 1469 - COLLEGE TRANSCRIPT 847-716-30,,POS 1469,-$3.00,--,,
2/7/2022,POS Debit - Visa Check Card 1469 - CHICK-FIL-A #0746 GREENSBORO,,POS 1469,-$7.42,--,,
2/7/2022,POS Debit - Visa Check Card 1469 - CHICK-FIL-A #0746 GREENSBORO,,POS 1469,-$7.42,--,,
2/7/2022,POS Debit - Visa Check Card 1469 - SHEETZ 0460 0000 GREENSBORO N,,POS 1469,-$12.00,--,,
2/7/2022,POS Debit - Visa Check Card 1469 - CORELIFE EATERY GREENSBORO NC,,POS 1469,-$16.49,--,,
2/7/2022,POS Debit - Visa Check Card 1469 - NETFLIX.COM NETFLIX.COM CA,,POS 1469,-$19.20,--,,
2/7/2022,POS Debit - Visa Check Card 1469 - HARRIS TE 4010 BATTLEG GREENS,,POS 1469,-$24.21,--,,
2/7/2022,POS Debit - Visa Check Card 1469 - TST* PIEOLOGY - GR GREENSBORO,,POS 1469,-$30.11,--,,
2/7/2022,POS Debit - Visa Check Card 1469 - SHEETZ 0489 GREENSBORO NC,,POS 1469,-$49.44,--,,
2/7/2022,POS Debit - Visa Check Card 1469 - WASABI 336-6178336 NC,,POS 1469,-$78.18,--,,
2/7/2022,POS Debit - Visa Check Card 1469 - VZWRLSS*BILL PAY V 800-922020,,POS 1469,-$97.57,--,,
2/7/2022,POS Debit - Visa Check Card 1469 - THE HOME DEPOT #3605 GREENSBO,,POS 1469,-$174.80,--,,
2/4/2022,POS Debit - Visa Check Card 1469 - CHICK-FIL-A #0849 GREENSBORO,,POS 1469,-$12.44,--,,
2/4/2022,POS Debit - Visa Check Card 1469 - STARBUCKS STORE 08 GREENSBORO,,POS 1469,-$12.70,--,,
2/4/2022,POS Debit - Visa Check Card 1469 - BREAKOUT GAMES HTTPSBREAKOUTN,,POS 1469,-$96.05,--,,
2/4/2022,POS Debit - Visa Check Card 1469 - CAROLINA VETERINAR GREENSBORO,,POS 1469,-$469.13,--,,
2/4/2022,POS Debit - Visa Check Card 1469 - YSI*DRUCKER FALK 757-2451541,,POS 1469,"-$1,108.98",--,,
2/3/2022,Deposit - QORVO US INC,,ACH Credit,"$2,262.65",--,,
2/3/2022,POS Debit - Visa Check Card 1469 - CHICK-FIL-A #0746 GREENSBORO,,POS 1469,-$11.79,--,,
2/3/2022,POS Debit - Visa Check Card 1469 - STARBUCKS STORE 50 GREENSBORO,,POS 1469,-$12.70,--,,
2/3/2022,POS Debit - Visa Check Card 1469 - STORAGE ZONE- H37S 407-831-83,,POS 1469,-$71.36,--,,
2/2/2022,POS Debit - Visa Check Card 1469 - TRANSCRIPT SERVICE 847-716-30,,POS 1469,-$5.00,--,,
2/2/2022,POS Debit - Visa Check Card 1469 - PARCHMENT-UNIV DOC 480-719-16,,POS 1469,-$5.40,--,,
2/2/2022,POS Debit - Visa Check Card 1469 - CHICK-FIL-A #0746 GREENSBORO,,POS 1469,-$7.42,--,,
2/2/2022,POS Debit - Visa Check Card 1469 - MOE'S 245 GREENSBORO NC,,POS 1469,-$33.29,--,,
2/2/2022,POS Debit - Visa Check Card 1469 - LOWE'S FOODS #1 GREENSBORO NC,,POS 1469,-$97.64,--,,
2/1/2022,POS Debit - Visa Check Card 1469 - HARDEES 1500101 GREENSBORO NC,,POS 1469,-$8.84,--,,
2/1/2022,POS Debit - Visa Check Card 1469 - BEST BUY #155 GREENSBORO NC,,POS 1469,-$241.26,--,,
2/1/2022,POS Debit - Visa Check Card 1469 - EVO.COM 866-386-1590 WA,,POS 1469,"-$1,814.95",--,,
1/31/2022,POS Debit - Visa Check Card 1469 - ARBOR RIDGE GREENSBORO NC,,POS 1469,-$3.00,--,,
1/31/2022,POS Debit - Visa Check Card 1469 - DISNEYPLUS 888-9057888 CA,,POS 1469,-$8.53,--,,
1/31/2022,POS Debit - Visa Check Card 1469 - CHICK-FIL-A #0746 GREENSBORO,,POS 1469,-$12.44,--,,
1/31/2022,POS Debit - Visa Check Card 1469 - STARBUCKS STORE 08 GREENSBORO,,POS 1469,-$12.81,--,,
1/31/2022,POS Debit - Visa Check Card 1469 - STARBUCKS STORE 08 GREENSBORO,,POS 1469,-$13.56,--,,
1/31/2022,POS Debit - Visa Check Card 1469 - TACO BELL 039712 GREENSBORO N,,POS 1469,-$17.66,--,,
1/31/2022,POS Debit - Visa Check Card 1469 - HARRIS TE 701 FRANCIS GREENSB,,POS 1469,-$20.19,--,,
1/31/2022,POS Debit - Visa Check Card 1469 - UNC GREENSBORO SBC 617-454-67,,POS 1469,-$65.00,--,,
1/31/2022,POS Debit - Visa Check Card 1469 - DELTA AIR 006249 DELTA.COM CA,,POS 1469,-$425.20,--,,
1/28/2022,POS Debit - Visa Check Card 1469 - CHICK-FIL-A #0746 GREENSBORO,,POS 1469,-$7.42,--,,
1/28/2022,POS Debit - Visa Check Card 1469 - STARBUCKS STORE 50 GREENSBORO,,POS 1469,-$13.56,--,,
1/27/2022,POS Debit - Visa Check Card 1469 - CHICK-FIL-A #0746 GREENSBORO,,POS 1469,-$7.42,--,,
1/27/2022,POS Debit - Visa Check Card 1469 - CHICK-FIL-A #0111 GREENSBORO,,POS 1469,-$11.41,--,,
1/27/2022,POS Debit - Visa Check Card 1469 - CORELIFE EATERY GREENSBORO NC,,POS 1469,-$35.11,--,,
1/27/2022,POS Debit - Visa Check Card 1469 - SHEETZ 0460 GREENSBORO NC,,POS 1469,-$52.56,--,,
1/27/2022,POS Debit - Visa Check Card 1469 - BREAKOUT GAMES HTTPSBREAKOUTN,,POS 1469,-$76.84,--,,
1/26/2022,POS Debit - Visa Check Card 1469 - HARRIS TE 2639 LAWNDAL GREENS,,POS 1469,-$11.96,--,,
1/26/2022,POS Debit - Visa Check Card 1469 - STARBUCKS STORE 08 GREENSBORO,,POS 1469,-$12.70,--,,
1/25/2022,REWARD REDEMPTION,,Credit,$5.45,--,,
1/24/2022,POS Debit - Visa Check Card 1469 - CHICK-FIL-A #0746 GREENSBORO,,POS 1469,-$6.99,--,,
1/24/2022,POS Debit - Visa Check Card 1469 - CHICK-FIL-A #0746 GREENSBORO,,POS 1469,-$7.42,--,,
1/24/2022,POS Debit - Visa Check Card 1469 - JERSEY MIKES 3052 GREENSBORO,,POS 1469,-$9.55,--,,
1/24/2022,POS Debit - Visa Check Card 1469 - STARBUCKS STORE 14 GREENSBORO,,POS 1469,-$12.17,--,,
1/24/2022,POS Debit - Visa Check Card 1469 - LOWE'S FOODS #1 GREENSBORO NC,,POS 1469,-$18.84,--,,
1/24/2022,POS Debit - Visa Check Card 1469 - THE HOME DEPOT #3604 GREENSBO,,POS 1469,-$27.65,--,,
1/24/2022,POS Debit - Visa Check Card 1469 - THE HOME DEPOT #3605 GREENSBO,,POS 1469,-$39.38,--,,
1/24/2022,POS Debit - Visa Check Card 1469 - RED ROBIN NO 569 GREENSBORO N,,POS 1469,-$46.04,--,,
1/24/2022,POS Debit - Visa Check Card 1469 - BEDBATH BEYOND# 1618 H NORTH,,POS 1469,-$69.37,--,,
1/24/2022,POS Debit - Visa Check Card 1469 - HARRIS TE 701 FRANCIS GREENSB,,POS 1469,-$137.87,--,,
1/20/2022,Deposit - QORVO US INC,,ACH Credit,"$2,049.93",--,,
1/20/2022,POS Debit - Visa Check Card 1469 - HARDEES 1500101 GREENSBORO NC,,POS 1469,-$11.39,--,,
1/20/2022,POS Debit - Visa Check Card 1469 - HARRIS TE 701 FRANCIS GREENSB,,POS 1469,-$12.49,--,,
1/20/2022,POS Debit - Visa Check Card 1469 - HARRIS TE 701 FRANCIS GREENSB,,POS 1469,-$12.69,--,,
1/20/2022,POS Debit - Visa Check Card 1469 - MOE'S 245 GREENSBORO NC,,POS 1469,-$24.44,--,,
1/20/2022,POS Debit - Visa Check Card 1469 - ICHI SUSHI ASIAN G GREENSBORO,,POS 1469,-$61.77,--,,
1/18/2022,POS Adjustment - AUTOZONE 117 GUILFORD GREENSBORO NCUS,,Credit,$40.00,--,,
1/18/2022,POS Debit - Visa Check Card 1469 - ARBOR RIDGE GREENSBORO NC,,POS 1469,-$3.00,--,,
1/18/2022,POS Debit - Visa Check Card 1469 - CHICK-FIL-A #0746 GREENSBORO,,POS 1469,-$6.99,--,,
1/18/2022,POS Debit - Visa Check Card 1469 - STARBUCKS STORE 14 GREENSBORO,,POS 1469,-$12.17,--,,
1/18/2022,POS Debit - Visa Check Card 1469 - CHICK-FIL-A #0746 GREENSBORO,,POS 1469,-$12.44,--,,
1/18/2022,POS Debit - Visa Check Card 1469 - SHEETZ 0460 0000 GREENSBORO N,,POS 1469,-$14.47,--,,
1/18/2022,POS Debit - Visa Check Card 1469 - CHICK-FIL-A #0746 GREENSBORO,,POS 1469,-$14.77,--,,
1/18/2022,POS Debit - Visa Check Card 1469 - SHEETZ 0460 0000 GREENSBORO N,,POS 1469,-$15.39,--,,
1/18/2022,POS Debit - Visa Check Card 1469 - SHEETZ 0460 GREENSBORO NC,,POS 1469,-$17.53,--,,
1/18/2022,POS Debit - Visa Check Card 1469 - SHEETZ 0460 GREENSBORO NC,,POS 1469,-$47.43,--,,
1/18/2022,POS Debit - Visa Check Card 1469 - AUTOZONE 2436 117 GUI GREENSB,,POS 1469,-$283.90,--,,
1/18/2022,ACH Transaction - GEICO PREM COLL 0002100002,,ACH Debit,-$114.98,--,,
1/14/2022,POS Debit - Visa Check Card 1469 - CHICK-FIL-A #0746 GREENSBORO,,POS 1469,-$7.42,--,,
1/14/2022,POS Debit - Visa Check Card 1469 - LEMON INDIAN CUISI GREENSBORO,,POS 1469,-$56.97,--,,
1/14/2022,POS Debit - Visa Check Card 1469 - SPI*DUKE-ENERGY 800-777-9898,,POS 1469,-$79.07,--,,
1/13/2022,POS Debit - Visa Check Card 1469 - CHICK-FIL-A #0746 GREENSBORO,,POS 1469,-$7.42,--,,
1/13/2022,POS Debit - Visa Check Card 1469 - STARBUCKS STORE 08 GREENSBORO,,POS 1469,-$18.52,--,,
1/11/2022,POS Debit - Visa Check Card 1469 - MCDONALD'S F10607 GREENSBORO,,POS 1469,-$8.53,--,,
1/11/2022,POS Debit - Visa Check Card 1469 - OUTBACK 3465 ONLIN 336-294-54,,POS 1469,-$41.37,--,,
1/10/2022,POS Debit - Visa Check Card 1469 - SHEETZ 0460 0000 GREENSBORO N,,POS 1469,-$3.56,--,,
1/10/2022,POS Debit - Visa Check Card 1469 - SPOTIFY USA 877-7781161 NY,,POS 1469,-$5.34,--,,
1/10/2022,POS Debit - Visa Check Card 1469 - CHICK-FIL-A #0746 GREENSBORO,,POS 1469,-$7.42,--,,
1/10/2022,POS Debit - Visa Check Card 1469 - CHICK-FIL-A #0746 GREENSBORO,,POS 1469,-$7.42,--,,
1/10/2022,POS Debit - Visa Check Card 1469 - SHEETZ 0460 0000 GREENSBORO N,,POS 1469,-$8.83,--,,
1/10/2022,POS Debit - Visa Check Card 1469 - CHICK-FIL-A #0746 GREENSBORO,,POS 1469,-$12.44,--,,
1/10/2022,POS Debit - Visa Check Card 1469 - TACO BELL 4794 GREENSBORO NC,,POS 1469,-$14.89,--,,
1/10/2022,POS Debit - Visa Check Card 1469 - DILISHI FROZEN YOG GREENSBORO,,POS 1469,-$17.65,--,,
1/10/2022,POS Debit - Visa Check Card 1469 - PITA DELITE FRIEND GREENSBORO,,POS 1469,-$27.90,--,,
1/10/2022,POS Debit - Visa Check Card 1469 - HARRIS TE 701 FRANCIS GREENSB,,POS 1469,-$41.15,--,,
1/10/2022,POS Debit - Visa Check Card 1469 - BREAKOUT GAMES HTTPSBREAKOUTN,,POS 1469,-$76.84,--,,
1/10/2022,POS Debit - Visa Check Card 1469 - YSI*DRUCKER FALK 757-2451541,,POS 1469,"-$1,163.74",--,,
1/7/2022,POS Debit - Visa Check Card 1469 - CHICK-FIL-A #0746 GREENSBORO,,POS 1469,-$7.46,--,,
1/7/2022,POS Debit - Visa Check Card 1469 - SHEETZ 0460 GREENSBORO NC,,POS 1469,-$52.96,--,,
1/6/2022,Deposit - QORVO US INC,,ACH Credit,"$2,099.50",--,,
1/6/2022,POS Debit - Visa Check Card 1469 - CBBQ GREENSBORO C GREENSBORO,,POS 1469,-$10.87,--,,
1/6/2022,POS Debit - Visa Check Card 1469 - DKC*DIGI KEY CORP 800-344-453,,POS 1469,-$15.35,--,,
1/6/2022,POS Debit - Visa Check Card 1469 - NETFLIX.COM NETFLIX.COM CA,,POS 1469,-$19.20,--,,
1/6/2022,POS Debit - Visa Check Card 1469 - WASABI 336-6178336 NC,,POS 1469,-$70.58,--,,
1/5/2022,POS Debit - Visa Check Card 1469 - SHEETZ 0460 0000 GREENSBORO N,,POS 1469,-$10.08,--,,
1/5/2022,POS Debit - Visa Check Card 1469 - STARBUCKS STORE 08 GREENSBORO,,POS 1469,-$12.49,--,,
1/5/2022,POS Debit - Visa Check Card 1469 - CHICK-FIL-A #0849 GREENSBORO,,POS 1469,-$16.55,--,,
1/3/2022,International Transaction fee,,Debit,-$0.75,--,,
1/3/2022,POS Debit - Visa Check Card 1469 - ARBOR RIDGE GREENSBORO NC,,POS 1469,-$3.00,--,,
1/3/2022,POS Debit - Visa Check Card 1469 - SHEETZ 0460 0000 GREENSBORO N,,POS 1469,-$5.89,--,,
1/3/2022,POS Debit - Visa Check Card 1469 - CHICK-FIL-A #0746 GREENSBORO,,POS 1469,-$7.42,--,,
1/3/2022,POS Debit - Visa Check Card 1469 - CHICK-FIL-A #0746 GREENSBORO,,POS 1469,-$7.42,--,,
1/3/2022,POS Debit - Visa Check Card 1469 - STORAGE ZONE- H37S 407-831-83,,POS 1469,-$71.36,--,,
1/3/2022,POS Debit - Visa Check Card 1469 - SP * LTT STORE SURREY BC,,POS 1469,-$75.22,--,,
12/31/2021,POS Debit - Visa Check Card 1469 - CHICK-FIL-A #0746 GREENSBORO,,POS 1469,-$4.88,--,,
12/31/2021,POS Debit - Visa Check Card 1469 - TACO BELL 1899 GREENSBORO NC,,POS 1469,-$11.92,--,,
12/31/2021,POS Debit - Visa Check Card 1469 - HARRIS TE 701 FRANCIS GREENSB,,POS 1469,-$99.16,--,,
12/30/2021,POS Debit - Visa Check Card 1469 - SQUARESPACE INC. HTTPSSQUARES,,POS 1469,-$16.00,--,,
12/30/2021,POS Debit - Visa Check Card 1469 - CHICK-FIL-A #0746 GREENSBORO,,POS 1469,-$16.16,--,,
12/29/2021,POS Debit - Visa Check Card 1469 - CHICK-FIL-A #0746 GREENSBORO,,POS 1469,-$16.59,--,,
12/28/2021,POS Debit - Visa Check Card 1469 - DISNEY PLUS BURBANK CA,,POS 1469,-$8.53,--,,
12/28/2021,POS Debit - Visa Check Card 1469 - STARBUCKS STORE 08 GREENSBORO,,POS 1469,-$12.28,--,,
12/27/2021,REWARD REDEMPTION,,Credit,$1.97,--,,
12/27/2021,POS Debit - Visa Check Card 1469 - SHEETZ 0460 0000 GREENSBORO N,,POS 1469,-$3.56,--,,
12/27/2021,POS Debit - Visa Check Card 1469 - STARBUCKS STORE 08 GREENSBORO,,POS 1469,-$11.96,--,,
12/27/2021,POS Debit - Visa Check Card 1469 - NEW ONE WOK GREENSBORO NC,,POS 1469,-$25.66,--,,
12/27/2021,POS Debit - Visa Check Card 1469 - CVS PHARMACY #0385 GREENSBORO,,POS 1469,-$41.78,--,,
12/27/2021,Transfer to Credit Card,,Debit,-$554.63,--,,
12/24/2021,POS Debit - Visa Check Card 1469 - CHICK-FIL-A #0746 GREENSBORO,,POS 1469,-$6.99,--,,
12/24/2021,POS Debit - Visa Check Card 1469 - HOBBYLOBB 1317 BRIDFOR GREENS,,POS 1469,-$13.31,--,,
12/24/2021,POS Debit - Visa Check Card 1469 - CANAKIT.COM HTTPSWWW.CANAOR,,POS 1469,-$62.90,--,,
12/24/2021,POS Debit - Visa Check Card 1469 - THE HOME DEPOT #3604 GREENSBO,,POS 1469,-$67.48,--,,
12/23/2021,POS Debit - Visa Check Card 1469 - STARBUCKS STORE 14 GREENSBORO,,POS 1469,-$12.49,--,,
12/23/2021,POS Debit - Visa Check Card 1469 - CHICK-FIL-A #0746 GREENSBORO,,POS 1469,-$14.41,--,,
12/23/2021,POS Debit - Visa Check Card 1469 - TACO BELL 4794 GREENSBORO NC,,POS 1469,-$19.46,--,,
12/23/2021,POS Debit - Visa Check Card 1469 - HARRIS TE 701 FRANCIS GREENSB,,POS 1469,-$176.47,--,,
12/22/2021,Deposit - QORVO US INC,,ACH Credit,"$2,131.76",--,,
12/22/2021,POS Debit - Visa Check Card 1469 - ARBOR RIDGE GREENSBORO NC,,POS 1469,-$6.00,--,,
12/22/2021,POS Debit - Visa Check Card 1469 - CHICK-FIL-A #0746 GREENSBORO,,POS 1469,-$7.14,--,,
12/22/2021,POS Debit - Visa Check Card 1469 - SHEETZ 0460 GREENSBORO NC,,POS 1469,-$53.02,--,,
12/22/2021,POS Debit - Visa Check Card 1469 - SERVOCITY 620-221-0123 KS,,POS 1469,-$227.05,--,,
12/21/2021,POS Debit - Visa Check Card 1469 - STARBUCKS STORE 08 GREENSBORO,,POS 1469,-$12.49,--,,
12/20/2021,POS Debit - Visa Check Card 1469 - SHEETZ 0460 0000 GREENSBORO N,,POS 1469,-$8.33,--,,
12/20/2021,POS Debit - Visa Check Card 1469 - STARBUCKS STORE 08 GREENSBORO,,POS 1469,-$15.11,--,,
12/20/2021,POS Debit - Visa Check Card 1469 - TST* FISHBONES - G GREENSBORO,,POS 1469,-$47.63,--,,
12/17/2021,POS Debit - Visa Check Card 1469 - TACO BELL 1899 GREENSBORO NC,,POS 1469,-$14.69,--,,
12/17/2021,POS Debit - Visa Check Card 1469 - SP * 12VOLT.SOLUTI HTTPS12VOL,,POS 1469,-$496.50,--,,
12/16/2021,POS Debit - Visa Check Card 1469 - VERIZON WRL MY ACC 800-922020,,POS 1469,-$200.32,--,,
12/16/2021,ACH Transaction - GEICO PREM COLL 0002100002,,ACH Debit,-$113.98,--,,
12/14/2021,POS Debit - Visa Check Card 1469 - ARBOR RIDGE GREENSBORO NC,,POS 1469,-$3.00,--,,
12/14/2021,POS Debit - Visa Check Card 1469 - SHEETZ 0460 0000 GREENSBORO N,,POS 1469,-$7.31,--,,
12/14/2021,POS Debit - Visa Check Card 1469 - STARBUCKS STORE 08 GREENSBORO,,POS 1469,-$12.49,--,,
12/13/2021,POS Debit - Visa Check Card 1469 - SHEETZ 0460 0000 GREENSBORO N,,POS 1469,-$5.59,--,,
12/13/2021,POS Debit - Visa Check Card 1469 - CHICK-FIL-A #0746 GREENSBORO,,POS 1469,-$7.36,--,,
12/13/2021,POS Debit - Visa Check Card 1469 - STARBUCKS STORE 08 GREENSBORO,,POS 1469,-$11.96,--,,
12/13/2021,POS Debit - Visa Check Card 1469 - CHICK-FIL-A #0746 GREENSBORO,,POS 1469,-$16.43,--,,
12/13/2021,POS Debit - Visa Check Card 1469 - MOE'S 245 GREENSBORO NC,,POS 1469,-$24.07,--,,
12/13/2021,POS Debit - Visa Check Card 1469 - GOLDEN CHINA GREENSBORO NC,,POS 1469,-$26.25,--,,
12/13/2021,POS Debit - Visa Check Card 1469 - PLAYSTATION NETWOR 800-345-76,,POS 1469,-$32.01,--,,
12/13/2021,POS Debit - Visa Check Card 1469 - MISSION PIZZA NAPO WINSTON SA,,POS 1469,-$46.75,--,,
12/13/2021,POS Debit - Visa Check Card 1469 - HARRIS TE 4010 BATTLEG GREENS,,POS 1469,-$53.98,--,,
12/13/2021,POS Debit - Visa Check Card 1469 - D B WINSTON-SALEM WINSTON-SAL,,POS 1469,-$126.00,--,,
12/10/2021,POS Debit - Visa Check Card 1469 - SPOTIFY 877-778-1161 NY,,POS 1469,-$5.34,--,,
12/10/2021,POS Debit - Visa Check Card 1469 - YSI*DRUCKER FALK 757-2451541,,POS 1469,"-$1,106.47",--,,
12/9/2021,Deposit - QORVO US INC,,ACH Credit,"$2,131.76",--,,
12/9/2021,POS Debit - Visa Check Card 1469 - STARBUCKS STORE 08 GREENSBORO,,POS 1469,-$12.28,--,,
